@Article{Broman2003,
    title = {R/qtl: {QTL} mapping in experimental crosses},
    author = {Karl W. Broman and Hao Wu and Saunak Sen and Gary A.
      Churchill},
    journal = {Bioinformatics},
    year = {2003},
    volume = {19},
    pages = {889-890},
}
